@article{aguirre,
  title={Dynamic discrete choice structural models: A survey},
  author={Aguirregabiria, Victor and Mira, Pedro},
  journal={Journal of Econometrics},
  volume={156},
  number={1},
  pages={38--67},
  year={2010},
  publisher={Elsevier}
}
@article{aguirregabiria2010dynamic,
	title={Dynamic discrete choice structural models: A survey},
	author={Aguirregabiria, Victor and Mira, Pedro},
	journal={Journal of Econometrics},
	volume={156},
	number={1},
	pages={38--67},
	year={2010},
	publisher={Elsevier}
}
@inproceedings{algers1996stockholm,
  title={Stockholm {M}odel {S}ystem ({SIMS}): Application. {V}olume 2: {M}odelling {T}ransport {S}ystems},
  author={Algers, Staffan and Daly, Andrew and Kjellman, Per and Widlert, Staffan},
  booktitle={World Transport Research. Proceedings of the 7th World Conference on Transport Research},
  year={1996}
}
@article{arentze2004learning,
  title={A learning-based transportation oriented simulation system},
  author={Arentze, Theo A and Timmermans, Harry JP},
  journal={Transportation Research Part B: Methodological},
  volume={38},
  number={7},
  pages={613--633},
  year={2004},
  publisher={Elsevier}
}
@article{auld2009framework,
  title={Framework for the development of the agent-based dynamic activity planning and travel scheduling (ADAPTS) model},
  author={Auld, Joshua and Mohammadian, Abolfazl},
  journal={Transportation Letters},
  volume={1},
  number={3},
  pages={245--255},
  year={2009},
  publisher={Taylor \& Francis}
}
@article{bastin2006application,
  title={Application of an adaptive Monte Carlo algorithm to mixed logit estimation},
  author={Bastin, Fabian and Cirillo, Cinzia and Toint, Philippe L},
  journal={Transportation Research Part B: Methodological},
  volume={40},
  number={7},
  pages={577--593},
  year={2006},
  publisher={Elsevier}
}
@incollection{ben2003discrete,
  title={Discrete choice models with applications to departure time and route choice},
  author={Ben-Akiva, Moshe and Bierlaire, Michel},
  booktitle={Handbook of transportation science},
  pages={7--37},
  year={2003},
  publisher={Springer}
}
@article{bierlaire1997overspecification,
  title={On the overspecification of multinomial and nested logit models due to alternative specific constants},
  author={Bierlaire, Michel and Lotan, Tsippy and Toint, Philippe},
  journal={Transportation Science},
  volume={31},
  number={4},
  pages={363--371},
  year={1997},
  publisher={INFORMS}
}
@article{bhat2001quasi,
  title={Quasi-random maximum simulated likelihood estimation of the mixed multinomial logit model},
  author={Bhat, Chandra R},
  journal={Transportation Research Part B: Methodological},
  volume={35},
  number={7},
  pages={677--693},
  year={2001},
  publisher={Elsevier}
}
@article{bhat2003simulation,
  title={Simulation estimation of mixed discrete choice models using randomized and scrambled Halton sequences},
  author={Bhat, Chandra R},
  journal={Transportation Research Part B: Methodological},
  volume={37},
  number={9},
  pages={837--855},
  year={2003},
  publisher={Elsevier}
}
@article{bhat2004comprehensive,
  title={Comprehensive econometric microsimulator for daily activity-travel patterns},
  author={Bhat, Chandra and Guo, Jessica and Srinivasan, Sivaramakrishnan and Sivakumar, Aruna},
  journal={Transportation Research Record: Journal of the Transportation Research Board},
  number={1894},
  pages={57--66},
  year={2004},
  publisher={Transportation Research Board of the National Academies}
}
@article{bhat1998accommodating,
  title={Accommodating flexible substitution patterns in multi-dimensional choice modeling: formulation and application to travel mode and departure time choice},
  author={Bhat, Chandra R},
  journal={Transportation Research Part B: Methodological},
  volume={32},
  number={7},
  pages={455--466},
  year={1998},
  publisher={Elsevier}
}
@article{bellman,
  title={E. 1957. dynamic programming},
  author={Bellman, Richard},
  journal={Princeton University Press},
  year={1957}
}
@article{bowman2001,
  title={Activity-based disaggregate travel demand model system with activity schedules},
  author={Bowman, John L and Ben-Akiva, Moshe E},
  journal={Transportation Research Part A: Policy and Practice},
  volume={35},
  number={1},
  pages={1--28},
  year={2001},
  publisher={Elsevier}
}
@inproceedings{bowman1998demonstration,
  title={Demonstration of an activity based model system for Portland},
  author={Bowman, John L and Bradley, Mark and Shiftan, Yoram and Lawton, T Keith and Ben-Akiva, Moshe E},
  booktitle={8th World Conference on Transport Research, Antwerp, Belgium},
  year={1998}
}
@article{bradley2010sacsim,
  title={{SACSIM}: {A}n applied activity-based model system with fine-level spatial and temporal resolution},
  author={Bradley, Mark and Bowman, John L and Griesenbeck, Bruce},
  journal={Journal of Choice Modelling},
  volume={3},
  number={1},
  pages={5--31},
  year={2010},
  publisher={Elsevier}
}
@booklet{bowman1996activity,
  title={Activity {B}ased {T}ravel {F}orecasting},
  author={Bowman, John L and Ben-Akiva, Moshe},
  year={1996},
  howpublished={Transcript of a tutorial on activity based travel forecasting at Conference of activity based travel forecasting},
address={Travel Model Improvement Program, US Department of Transportation and Environmental
Protection, New Orleans, Louisiana}
}
@phdthesis{bowman1998day,
  title={The day activity schedule approach to travel demand analysis},
  author={Bowman, John L},
  year={1998},
  school={Massachusetts Institute of Technology}
}
@article{brownstone,
  title={Joint mixed logit models of stated and revealed preferences for alternative-fuel vehicles},
  author={Brownstone, David and Bunch, David S and Train, Kenneth},
  journal={Transportation Research Part B: Methodological},
  volume={34},
  number={5},
  pages={315--338},
  year={2000},
  publisher={Elsevier}
}
@article{cantillo2007modeling,
  title={Modeling discrete choices in the presence of inertia and serial correlation},
  author={Cantillo, V{\'\i}ctor and Ort{\'u}zar, Juan de Dios and Williams, Huw CWL},
  journal={Transportation Science},
  volume={41},
  number={2},
  pages={195--205},
  year={2007},
  publisher={INFORMS}
}
@article{cirillo2010dynamic,
  title={Dynamic model of activity-type choice and scheduling},
  author={Cirillo, Cinzia and Axhausen, Kay W},
  journal={Transportation},
  volume={37},
  number={1},
  pages={15--38},
  year={2010},
  publisher={Springer}
}
@inproceedings{cherchi2008mixed,
  title={A mixed logit mode choice model on panel data: accounting for systematic and random variations on responses and preferences},
  author={Cherchi, Elisabetta and Cirillo, Cinzia},
  booktitle={87th Annual Meeting of the Transportation Research Board, Washington, DC},
  year={2008}
}
@phdthesis{danalet,
  title={Activity choice modeling for pedestrian facilities},
  author={Danalet, Antonin},
  year={2015},
  school={{\'E}cole Polytechnique Federale de Lausanne}
}
@inproceedings{danalet2015activity,
  title={Activity path size for correlation between activity paths},
  author={Danalet, Antonin and Bierlaire, Michel},
  booktitle={Tenth Workshop on Discrete Choice Models},
  number={EPFL-TALK-208981},
  year={2015},
  address={Lausanne, Switzerland}
}
@article{dong2006moving,
  title={Moving from trip-based to activity-based measures of accessibility},
  author={Dong, Xiaojing and Ben-Akiva, Moshe E and Bowman, John L and Walker, Joan L},
  journal={Transportation Research Part A: policy and practice},
  volume={40},
  number={2},
  pages={163--180},
  year={2006},
  publisher={Elsevier}
}
@article{ettema1993simulation,
  title={Simulation model of activity scheduling behavior},
  author={Ettema, Dick and Borgers, Aloys and Timmermans, Harry},
  journal={Transportation Research Record},
 number={1413},
  pages={1--11},
  year={1993},
  publisher={Citeseer}
}
@incollection{mcfadden1978,
  title={Modelling the choice of residential location},
  author={McFadden, Daniel},
  year={1978},
  publisher={A. Karqvist (Ed.)},
 booktitle={Spatial Interaction Theory and Planning Models},
pages={75--96},
address={North-Holland, Amsterdam}
}
@article{mcfadden2000,
  title={Mixed {MNL} models for discrete response},
  author={McFadden, Daniel and Train, Kenneth},
  journal={Journal of applied Econometrics},
  volume={15},
  number={5},
  pages={447--470},
  year={2000}
}
@article{fosgerau2013,
  title={A link based network route choice model with unrestricted choice set},
  author={Fosgerau, Mogens and Frejinger, Emma and Karlstr\"om, Anders},
  journal={Transportation Research Part B: Methodological},
  volume={56},
  pages={70--80},
  year={2013},
  publisher={Elsevier}
}
@article{frejinger2007,
  title={Capturing correlation with subnetworks in route choice models},
  author={Frejinger, Emma and Bierlaire, Michel},
  journal={Transportation Research Part B: Methodological},
  volume={41},
  number={3},
  pages={363--378},
  year={2007},
  publisher={Elsevier}
}
@article{frejinger2009,
  title={Sampling of alternatives for route choice modeling},
  author={Frejinger, Emma and Bierlaire, Michel and Ben-Akiva, Moshe},
  journal={Transportation Research Part B: Methodological},
  volume={43},
  number={10},
  pages={984--994},
  year={2009},
  publisher={Elsevier}
}
@article{grigolon2014vacation,
  title={Vacation length choice: A dynamic mixed multinomial logit model},
  author={Grigolon, Anna B and Borgers, Aloys WJ and Kemperman, Astrid DAM and Timmermans, Harry JP},
  journal={Tourism Management},
  volume={41},
  pages={158--167},
  year={2014},
  publisher={Elsevier}
}
@article{guevara2013,
  title={Sampling of alternatives in Logit Mixture models},
  author={Guevara, C Angelo and Ben-Akiva, Moshe E},
  journal={Transportation Research Part B: Methodological},
  volume={58},
  pages={185--198},
  year={2013},
  publisher={Elsevier}
}
@article{guevara2013sampling,
  title={Sampling of alternatives in multivariate extreme value (MEV) models},
  author={Guevara, C Angelo and Ben-Akiva, Moshe E},
  journal={Transportation Research Part B: Methodological},
  volume={48},
  pages={31--52},
  year={2013},
  publisher={Elsevier}
}
@article{dejong2003model,
  title={A model for time of day and mode choice using error components logit},
  author={De Jong, Gerard and Daly, Andrew and Pieters, Marits and Vellay, Carine and Bradley, Mark and Hofman, Frank},
  journal={Transportation Research Part E: Logistics and Transportation Review},
  volume={39},
  number={3},
  pages={245--268},
  year={2003},
  publisher={Elsevier}
}
@article{habib2011random,
  title={A random utility maximization (RUM) based dynamic activity scheduling model: Application in weekend activity scheduling},
  author={Habib, Khandker M Nurul},
  journal={Transportation},
  volume={38},
  number={1},
  pages={123--151},
  year={2011},
  publisher={Springer}
}
@article{habib2012integrating,
  title={Integrating parking behaviour in activity-based travel demand modelling: Investigation of the relationship between parking type choice and activity scheduling process},
  author={Habib, Khandker M Nurul and Morency, Catherine and Tr{\'e}panier, Martin},
  journal={Transportation Research Part A: Policy and Practice},
  volume={46},
  number={1},
  pages={154--166},
  year={2012},
  publisher={Elsevier}
}
@article{hess2007flexible,
	title={Flexible substitution patterns in models of mode and time of day choice: new evidence from the UK and the Netherlands},
	author={Hess, Stephane and Polak, John W and Daly, Andrew and Hyman, Geoffrey},
	journal={Transportation},
	volume={34},
	number={2},
	pages={213--238},
	year={2007},
	publisher={Springer}
}
@book{jones1977,
  title={New approaches to understanding travel behavior: the human activity approach},
  author={Jones, Peter M},
  year={1977},
  publisher={Oxford University}
}
@article{jonsson2014reconciling,
  title={Reconciling user benefit and time-geography-based individual accessibility measures},
  author={Jonsson, Daniel and Karlstr{\"o}m, Anders and Oshyani, Masoud Fadaei and Olsson, Per},
  journal={Environment and Planning B: Planning and Design},
  volume={41},
  number={6},
  pages={1031--1043},
  year={2014},
  publisher={Sage Publications Sage UK: London, England}
}
@article{kitamura1998two,
  title={Two computational process models of activity-travel behavior},
  author={Kitamura, Ryuichi and Fujii, Satoshi and others},
  journal={Theoretical foundations of travel choice modeling},
  pages={251--279},
  year={1998},
  publisher={Citeseer}
}
@article{lai2015specification,
  title={Specification of the cross-nested logit model with sampling of alternatives for route choice models},
  author={Lai, Xinjun and Bierlaire, Michel},
  journal={Transportation Research Part B: Methodological},
  volume={80},
  pages={220--234},
  year={2015},
  publisher={Elsevier}
}
@article{liao2013incorporating,
  title={Incorporating space--time constraints and activity-travel time profiles in a multi-state supernetwork approach to individual activity-travel scheduling},
  author={Liao, Feixiong and Arentze, Theo and Timmermans, Harry},
  journal={Transportation Research Part B: Methodological},
  volume={55},
  pages={41--58},
  year={2013},
  publisher={Elsevier}
}
@article{liao2016modeling,
  title={Modeling duration choice in space--time multi-state supernetworks for individual activity-travel scheduling},
  author={Liao, Feixiong},
  journal={Transportation Research Part C: Emerging Technologies},
  volume={69},
  pages={16--35},
  year={2016},
  publisher={Elsevier}
}
@article{liu2015dynamic,
  title={Dynamic activity-travel assignment in multi-state supernetworks},
  author={Liu, Peng and Liao, Feixiong and Huang, Hai-Jun and Timmermans, Harry},
  journal={Transportation Research Procedia},
  volume={7},
  pages={24--43},
  year={2015},
  publisher={Elsevier}
}
@article{ma2013cross,
  title={A cross entropy based multiagent approach for multiclass activity chain modeling and simulation},
  author={Ma, Tai-Yu and Lebacque, Jean-Patrick},
  journal={Transportation Research Part C: Emerging Technologies},
  volume={28},
  pages={116--129},
  year={2013},
  publisher={Elsevier}
}
@article{mai2015,
  title={A nested recursive logit model for route choice analysis},
  author={Mai, Tien and Fosgerau, Mogens and Frejinger, Emma},
  journal={Transportation Research Part B: Methodological},
  volume={75},
  pages={100--112},
  year={2015},
  publisher={Elsevier}
}
@article{mai2016decomposition,
  title={A Decomposition Method for Estimating Recursive Logit Based Route Choice Models},
  author={Mai, Tien and Bastin, Fabian and Frejinger, Emma },
  year={2016},
  pages={1--23},
journal = {EURO Journal on Transportation and Logistics},
publisher={Springer}
}

@article{mai2016method,
  title={A method of integrating correlation structures for a generalized recursive route choice model},
  author={Mai, Tien},
  journal={Transportation Research Part B: Methodological},
  volume={93},
  pages={146--161},
  year={2016},
  publisher={Elsevier}
}
@article{miller2003prototype,
  title={Prototype model of household activity-travel scheduling},
  author={Miller, Eric and Roorda, Matthew},
  journal={Transportation Research Record: Journal of the Transportation Research Board},
  number={1831},
  pages={114--121},
  year={2003},
  publisher={Transportation Research Board of the National Academies}
}
@article{miller2005tour,
  title={A tour-based model of travel mode choice},
  author={Miller, Eric J and Roorda, Matthew J and Carrasco, Juan Antonio},
  journal={Transportation},
  volume={32},
  number={4},
  pages={399--422},
  year={2005},
  publisher={Springer}
}
@article{nerella2004,
  title={Numerical analysis of effect of sampling of alternatives in discrete choice models},
  author={Nerella, Sriharsha and Bhat, Chandra R},
  journal={Transportation Research Record: Journal of the Transportation Research Board},
  volume={1894},
  number={1},
  pages={11--19},
  year={2004},
  publisher={Trans Res Board}
}
@techreport{oskar,
  title={Including time in a travel demand model using dynamic discrete choice},
  author={Blom V\"astberg, Oskar and Karlstr\"om, Anders and Jonsson, Daniel and Sundberg, Marcus},
  year={2016},
type={MPRA-paper},
institution={Munich University Library},
number={75336},
address = "Germany"
}
@article{pinjari2011activity,
  title={Activity-based travel demand analysis},
  author={Pinjari, Abdul Rawoof and Bhat, Chandra R},
  journal={A Handbook of Transport Economics},
  volume={10},
  pages={213--248},
  year={2011},
  publisher={Ch}
}
@article{pinjari2011modeling,
  title={Modeling the choice continuum: an integrated model of residential location, auto ownership, bicycle ownership, and commute tour mode choice decisions},
  author={Pinjari, Abdul Rawoof and Pendyala, Ram M and Bhat, Chandra R and Waddell, Paul A},
  journal={Transportation},
  volume={38},
  number={6},
  pages={933},
  year={2011},
  publisher={Springer}
}
@article{rasouli2014activity,
  title={Activity-based models of travel demand: promises, progress and prospects},
  author={Rasouli, Soora and Timmermans, Harry},
  journal={International Journal of Urban Sciences},
  volume={18},
  number={1},
  pages={31--60},
  year={2014},
  publisher={Taylor \& Francis}
}
@article{revelt1998mixed,
  title={Mixed logit with repeated choices: households' choices of appliance efficiency level},
  author={Revelt, David and Train, Kenneth},
  journal={Review of economics and statistics},
  volume={80},
  number={4},
  pages={647--657},
  year={1998},
  publisher={MIT Press}
}
@article{rust1987,
  title={Optimal replacement of {GMC} bus engines: An empirical model of {H}arold {Z}urcher},
  author={Rust, John},
  journal={Econometrica: Journal of the Econometric Society},
  pages={999--1033},
  year={1987},
  publisher={JSTOR}
}
@article{schlich2003habitual,
  title={Habitual travel behaviour: evidence from a six-week travel diary},
  author={Schlich, Robert and Axhausen, Kay W},
  journal={Transportation},
  volume={30},
  number={1},
  pages={13--36},
  year={2003},
  publisher={Springer}
}
@article{shiftan2008use,
  title={The use of activity-based modeling to analyze the effect of land-use policies on travel behavior},
  author={Shiftan, Yoram},
  journal={The Annals of Regional Science},
  volume={42},
  number={1},
  pages={79--97},
  year={2008},
  publisher={Springer}
}
@article{shiftan2002analysis,
  title={The analysis of travel and emission impacts of travel demand management strategies using activity-based models},
  author={Shiftan, Yoram and Suhrbier, John},
  journal={Transportation},
  volume={29},
  number={2},
  pages={145--168},
  year={2002},
  publisher={Springer}
}
@article{susilo2014repetitions,
  title={Repetitions in individual daily activity--travel--location patterns: a study using the Herfindahl--Hirschman Index},
  author={Susilo, Yusak O and Axhausen, Kay W},
  journal={Transportation},
  volume={41},
  number={5},
  pages={995--1011},
  year={2014},
  publisher={Springer}
}
@article{train2000halton,
  title={Halton sequences for mixed logit},
  author={Train, Kenneth},
  journal={Department of Economics, UCB},
  year={2000}
}
@book{train2009discrete,
  title={Discrete choice methods with simulation},
  author={Train, Kenneth E},
  year={2003},
  publisher={Cambridge University Press},
address={Cambridge}
}
@book{train1986qualitative,
  title={Qualitative choice analysis: Theory, econometrics, and an application to automobile demand},
  author={Train, Kenneth},
  volume={10},
  year={1986},
  publisher={MIT press}
}
@inproceedings{horni2012high,
  title={High-resolution destination choice in agent-based demand models},
  author={Horni, Andreas and Nagel, Kai and Axhausen, K},
  booktitle={Annual Meeting Preprint},
  pages={12--1989},
  year={2012}
}
@article{recker2001bridge,
  title={A bridge between travel demand modeling and activity-based travel analysis},
  author={Recker, Wilfred W},
  journal={Transportation Research Part B: Methodological},
  volume={35},
  number={5},
  pages={481--506},
  year={2001},
  publisher={Elsevier}
}
@article{vij2013incorporating,
	title={Incorporating the influence of latent modal preferences on travel mode choice behavior},
	author={Vij, Akshay and Carrel, Andr{\'e} and Walker, Joan L},
	journal={Transportation Research Part A: Policy and Practice},
	volume={54},
	pages={164--178},
	year={2013},
	publisher={Elsevier}
}
@inproceedings{vovsha2006making,
  title={Making the state of the art the state of the practice: advanced modeling techniques for road pricing},
  author={Vovsha, Peter and Davidson, William and Donnelly, Robert},
  booktitle={Expert Forum on Road Pricing and Travel Demand Modeling},
  year={2006}
}
@article{yang2013cross,
  title={Cross-nested logit model for the joint choice of residential location, travel mode, and departure time},
  author={Yang, Liya and Zheng, Guo and Zhu, Xiaoning},
  journal={Habitat International},
  volume={38},
  pages={157--166},
  year={2013},
  publisher={Elsevier}
}
@article{zimmermann2017bike,
  title={Bike route choice modeling using GPS data without choice sets of paths},
  author={Zimmermann, Ma{\"e}lle and Mai, Tien and Frejinger, Emma},
  journal={Transportation research part C: emerging technologies},
  volume={75},
  pages={183--196},
  year={2017},
  publisher={Elsevier}
}